<?xml version="1.0" encoding="UTF-8"?><collection xmlns="http://www.loc.gov/MARC21/slim"><record><leader>00342nam--2200109-i-4500</leader><controlfield tag="001">000007286</controlfield><controlfield tag="002">20161230</controlfield><controlfield tag="005">20161230201027</controlfield><controlfield tag="008">060222s1000------------r-----000-0-eng-d</controlfield><datafield ind1=" " ind2=" " tag="245"><subfield code="a">Brides pour guides d ondes : prescriptions generales et methodes de mesure</subfield></datafield><datafield ind1=" " ind2=" " tag="260"><subfield code="a">Geneve, Commission Electrotechnique  Interna Tionale, 1964 17 P</subfield></datafield><datafield ind1=" " ind2=" " tag="852"><subfield code="a">21938</subfield></datafield></record></collection>